
   <marc:record>
      <marc:leader>02821cas a2200889M  4500</marc:leader>
      <marc:controlfield tag="001">9915486665907426</marc:controlfield>
      <marc:controlfield tag="005">20240624192332.0</marc:controlfield>
      <marc:controlfield tag="008">000919d19uu19uugauuu        f0    0eng d</marc:controlfield>
      <marc:datafield tag="016" ind1="7" ind2=" ">
         <marc:subfield code="a">CAT11081760</marc:subfield>
         <marc:subfield code="2">DNAL</marc:subfield>
      </marc:datafield>
      <marc:datafield tag="035" ind1=" " ind2=" ">
         <marc:subfield code="a">854916</marc:subfield>
      </marc:datafield>
      <marc:datafield tag="035" ind1=" " ind2=" ">
         <marc:subfield code="a">(OCoLC)1288981735</marc:subfield>
      </marc:datafield>
      <marc:datafield tag="035" ind1=" " ind2=" ">
         <marc:subfield code="a">(DNAL)854916-naldb-Voyager</marc:subfield>
      </marc:datafield>
      <marc:datafield tag="040" ind1=" " ind2=" ">
         <marc:subfield code="a">AGL</marc:subfield>
         <marc:subfield code="b">eng</marc:subfield>
         <marc:subfield code="c">AGL</marc:subfield>
      </marc:datafield>
      <marc:datafield tag="049" ind1=" " ind2=" ">
         <marc:subfield code="a">RQIC</marc:subfield>
      </marc:datafield>
      <marc:datafield tag="070" ind1="0" ind2=" ">
         <marc:subfield code="a">1.942</marc:subfield>
         <marc:subfield code="b">F3R11A</marc:subfield>
      </marc:datafield>
      <marc:datafield tag="110" ind1="1" ind2=" ">
         <marc:subfield code="a">United States.</marc:subfield>
         <marc:subfield code="b">War Food Administration.</marc:subfield>
      </marc:datafield>
      <marc:datafield tag="245" ind1="1" ind2="0">
         <marc:subfield code="a">Radio round-up on food ... Atlanta Ga.</marc:subfield>
      </marc:datafield>
      <marc:datafield tag="246" ind1="1" ind2=" ">
         <marc:subfield code="i">Title varies, May 12, 1945-June 16, 1947:</marc:subfield>
         <marc:subfield code="a">Radio round-up</marc:subfield>
      </marc:datafield>
      <marc:datafield tag="260" ind1=" " ind2=" ">
         <marc:subfield code="a">[Atlanta, Ga.</marc:subfield>
      </marc:datafield>
      <marc:datafield tag="310" ind1=" " ind2=" ">
         <marc:subfield code="a">[Weekly]</marc:subfield>
      </marc:datafield>
      <marc:datafield tag="362" ind1="1" ind2=" ">
         <marc:subfield code="a">Ceased.</marc:subfield>
      </marc:datafield>
      <marc:datafield tag="550" ind1=" " ind2=" ">
         <marc:subfield code="a">Issuing office varies: Apr. 15, 1944-Dec. 30, 1944, U.S. War Food Administration. Office of Distribution. 1945, Jan. 6-20, Mar. 17-Apr. 14, U.S. Office of Marketing Services. Apr. 21-Aug. 4, Jan. 27-Feb. 24, 1945, U.S. War Food Administration. Aug. 18-Dec. 14, 1945, U.S. Dept. of Agriculture. Dec. 21, 1945-Je. 16, 1947, U.S. Production and Marketing Administration.</marc:subfield>
      </marc:datafield>
      <marc:datafield tag="550" ind1=" " ind2=" ">
         <marc:subfield code="a">Formerly issued by U.S. Agricultural Marketing Administration in Washington, D.C. (1.942 F3R11).</marc:subfield>
      </marc:datafield>
      <marc:datafield tag="591" ind1=" " ind2=" ">
         <marc:subfield code="b">NAL Reclamation</marc:subfield>
      </marc:datafield>
      <marc:datafield tag="593" ind1=" " ind2=" ">
         <marc:subfield code="f">Agricola CAT</marc:subfield>
      </marc:datafield>
      <marc:datafield tag="650" ind1=" " ind2="0">
         <marc:subfield code="a">Food supply</marc:subfield>
         <marc:subfield code="z">United States</marc:subfield>
         <marc:subfield code="v">Periodicals.</marc:subfield>
      </marc:datafield>
      <marc:datafield tag="650" ind1=" " ind2="0">
         <marc:subfield code="a">World War, 1939-1945</marc:subfield>
         <marc:subfield code="x">Food supply</marc:subfield>
         <marc:subfield code="z">United States</marc:subfield>
         <marc:subfield code="v">Periodicals.</marc:subfield>
      </marc:datafield>
      <marc:datafield tag="655" ind1=" " ind2="3">
         <marc:subfield code="a">Internet resource.</marc:subfield>
      </marc:datafield>
      <marc:datafield tag="710" ind1="1" ind2=" ">
         <marc:subfield code="a">United States.</marc:subfield>
         <marc:subfield code="b">Office of Marketing Services.</marc:subfield>
      </marc:datafield>
      <marc:datafield tag="710" ind1="1" ind2=" ">
         <marc:subfield code="a">United States.</marc:subfield>
         <marc:subfield code="b">War Food Administration.</marc:subfield>
         <marc:subfield code="b">Office of Distribution.</marc:subfield>
      </marc:datafield>
      <marc:datafield tag="710" ind1="1" ind2=" ">
         <marc:subfield code="a">United States.</marc:subfield>
         <marc:subfield code="b">Department of Agriculture.</marc:subfield>
      </marc:datafield>
      <marc:datafield tag="710" ind1="1" ind2=" ">
         <marc:subfield code="a">United States.</marc:subfield>
         <marc:subfield code="b">Department of Agriculture.</marc:subfield>
         <marc:subfield code="b">Production and Marketing Administration.</marc:subfield>
      </marc:datafield>
      <marc:datafield tag="710" ind1="1" ind2=" ">
         <marc:subfield code="a">United States.</marc:subfield>
         <marc:subfield code="b">Agricultural Marketing Administration.</marc:subfield>
      </marc:datafield>
      <marc:datafield tag="856" ind1="4" ind2="1">
         <marc:subfield code="u">https://archive.org/details/usda-radioroundup</marc:subfield>
      </marc:datafield>
      <marc:datafield tag="912" ind1=" " ind2=" ">
         <marc:subfield code="a">nalcatalog</marc:subfield>
      </marc:datafield>
      <marc:datafield tag="930" ind1=" " ind2=" ">
         <marc:subfield code="a">20140505</marc:subfield>
         <marc:subfield code="b">20140606</marc:subfield>
         <marc:subfield code="c">00000000</marc:subfield>
      </marc:datafield>
      <marc:datafield tag="939" ind1=" " ind2=" ">
         <marc:subfield code="a">20130724</marc:subfield>
         <marc:subfield code="b">20130906</marc:subfield>
         <marc:subfield code="c">00000000</marc:subfield>
      </marc:datafield>
      <marc:datafield tag="945" ind1=" " ind2=" ">
         <marc:subfield code="a">DigiMet</marc:subfield>
         <marc:subfield code="p">110</marc:subfield>
         <marc:subfield code="p">116</marc:subfield>
         <marc:subfield code="p">106</marc:subfield>
         <marc:subfield code="p">100</marc:subfield>
         <marc:subfield code="p">102</marc:subfield>
         <marc:subfield code="p">112</marc:subfield>
         <marc:subfield code="p">20</marc:subfield>
         <marc:subfield code="p">108</marc:subfield>
         <marc:subfield code="p">128</marc:subfield>
      </marc:datafield>
      <marc:datafield tag="946" ind1=" " ind2=" ">
         <marc:subfield code="a">USDA</marc:subfield>
      </marc:datafield>
      <marc:datafield tag="959" ind1=" " ind2=" ">
         <marc:subfield code="c">2013-04-02</marc:subfield>
         <marc:subfield code="e">ssouder</marc:subfield>
         <marc:subfield code="g">ap</marc:subfield>
      </marc:datafield>
      <marc:datafield tag="959" ind1=" " ind2=" ">
         <marc:subfield code="c">2013-07-24</marc:subfield>
         <marc:subfield code="e">rgallett</marc:subfield>
         <marc:subfield code="g">accadd</marc:subfield>
      </marc:datafield>
      <marc:datafield tag="994" ind1=" " ind2=" ">
         <marc:subfield code="a">92</marc:subfield>
         <marc:subfield code="b">AGL</marc:subfield>
      </marc:datafield>
   </marc:record>