
   <marc:record>
      <marc:leader>01629cam a2200469Ia 4500</marc:leader>
      <marc:controlfield tag="001">9915485423507426</marc:controlfield>
      <marc:controlfield tag="005">20240620171857.0</marc:controlfield>
      <marc:controlfield tag="008">030917s1957    ncuab    b   f000 0 eng d</marc:controlfield>
      <marc:datafield tag="016" ind1="7" ind2=" ">
         <marc:subfield code="a">CAT11138449</marc:subfield>
         <marc:subfield code="2">DNAL</marc:subfield>
      </marc:datafield>
      <marc:datafield tag="035" ind1=" " ind2=" ">
         <marc:subfield code="a">905203</marc:subfield>
      </marc:datafield>
      <marc:datafield tag="035" ind1=" " ind2=" ">
         <marc:subfield code="a">(OCoLC)50531280</marc:subfield>
      </marc:datafield>
      <marc:datafield tag="035" ind1=" " ind2=" ">
         <marc:subfield code="a">(DNAL)905203-naldb-Voyager</marc:subfield>
      </marc:datafield>
      <marc:datafield tag="040" ind1=" " ind2=" ">
         <marc:subfield code="a">VXG</marc:subfield>
         <marc:subfield code="b">eng</marc:subfield>
         <marc:subfield code="c">VXG</marc:subfield>
         <marc:subfield code="d">AGL</marc:subfield>
         <marc:subfield code="d">KLG</marc:subfield>
         <marc:subfield code="d">LHL</marc:subfield>
         <marc:subfield code="d">OCLCF</marc:subfield>
         <marc:subfield code="d">OCLCQ</marc:subfield>
         <marc:subfield code="d">OCLCO</marc:subfield>
         <marc:subfield code="d">AGM</marc:subfield>
      </marc:datafield>
      <marc:datafield tag="049" ind1=" " ind2=" ">
         <marc:subfield code="a">AGLL</marc:subfield>
      </marc:datafield>
      <marc:datafield tag="050" ind1=" " ind2="0">
         <marc:subfield code="a">SD144.A15</marc:subfield>
         <marc:subfield code="b">S73 no. 82</marc:subfield>
      </marc:datafield>
      <marc:datafield tag="070" ind1="0" ind2=" ">
         <marc:subfield code="a">1.9622</marc:subfield>
         <marc:subfield code="b">S4St2 no. 82</marc:subfield>
      </marc:datafield>
      <marc:datafield tag="072" ind1=" " ind2="0">
         <marc:subfield code="a">F700</marc:subfield>
      </marc:datafield>
      <marc:datafield tag="072" ind1=" " ind2="0">
         <marc:subfield code="a">K001</marc:subfield>
      </marc:datafield>
      <marc:datafield tag="086" ind1="0" ind2=" ">
         <marc:subfield code="a">A 13.63/9:82</marc:subfield>
      </marc:datafield>
      <marc:datafield tag="100" ind1="1" ind2=" ">
         <marc:subfield code="a">Cooper, Robert W.</marc:subfield>
         <marc:subfield code="q">(Robert Warren),</marc:subfield>
         <marc:subfield code="d">1921-</marc:subfield>
      </marc:datafield>
      <marc:datafield tag="245" ind1="1" ind2="0">
         <marc:subfield code="a">Silvical characteristics of sand pine /</marc:subfield>
         <marc:subfield code="c">by Robert W. Cooper.</marc:subfield>
      </marc:datafield>
      <marc:datafield tag="260" ind1=" " ind2=" ">
         <marc:subfield code="a">Asheville, N.C. :</marc:subfield>
         <marc:subfield code="b">U.S. Dept. of Agriculture, Forest Service, Southeastern Forest Experiment Station,</marc:subfield>
         <marc:subfield code="c">[1957]</marc:subfield>
      </marc:datafield>
      <marc:datafield tag="300" ind1=" " ind2=" ">
         <marc:subfield code="a">8 pages :</marc:subfield>
         <marc:subfield code="b">illustrations, map ;</marc:subfield>
         <marc:subfield code="c">27 cm.</marc:subfield>
      </marc:datafield>
      <marc:datafield tag="336" ind1=" " ind2=" ">
         <marc:subfield code="a">text</marc:subfield>
         <marc:subfield code="b">txt</marc:subfield>
         <marc:subfield code="2">rdacontent</marc:subfield>
      </marc:datafield>
      <marc:datafield tag="337" ind1=" " ind2=" ">
         <marc:subfield code="a">unmediated</marc:subfield>
         <marc:subfield code="b">n</marc:subfield>
         <marc:subfield code="2">rdamedia</marc:subfield>
      </marc:datafield>
      <marc:datafield tag="338" ind1=" " ind2=" ">
         <marc:subfield code="a">volume</marc:subfield>
         <marc:subfield code="b">nc</marc:subfield>
         <marc:subfield code="2">rdacarrier</marc:subfield>
      </marc:datafield>
      <marc:datafield tag="490" ind1="1" ind2=" ">
         <marc:subfield code="a">Station paper ;</marc:subfield>
         <marc:subfield code="v">no. 82</marc:subfield>
      </marc:datafield>
      <marc:datafield tag="504" ind1=" " ind2=" ">
         <marc:subfield code="a">Includes bibliographical references (page 8).</marc:subfield>
      </marc:datafield>
      <marc:datafield tag="591" ind1=" " ind2=" ">
         <marc:subfield code="b">NAL Reclamation</marc:subfield>
      </marc:datafield>
      <marc:datafield tag="593" ind1=" " ind2=" ">
         <marc:subfield code="f">Agricola CAT</marc:subfield>
      </marc:datafield>
      <marc:datafield tag="650" ind1=" " ind2="0">
         <marc:subfield code="a">Pinus clausa.</marc:subfield>
         <marc:subfield code="0">http://id.loc.gov/authorities/subjects/sh85102287</marc:subfield>
      </marc:datafield>
      <marc:datafield tag="650" ind1=" " ind2="3">
         <marc:subfield code="a">Pinus clausa.</marc:subfield>
      </marc:datafield>
      <marc:datafield tag="655" ind1=" " ind2="3">
         <marc:subfield code="a">Internet resource.</marc:subfield>
      </marc:datafield>
      <marc:datafield tag="830" ind1=" " ind2="0">
         <marc:subfield code="a">Station paper (Southeastern Forest Experiment Station (Asheville, N.C.)) ;</marc:subfield>
         <marc:subfield code="v">no. 82.</marc:subfield>
      </marc:datafield>
      <marc:datafield tag="856" ind1="4" ind2="1">
         <marc:subfield code="u">https://archive.org/details/silvicalcharacte82coop</marc:subfield>
      </marc:datafield>
      <marc:datafield tag="912" ind1=" " ind2=" ">
         <marc:subfield code="a">nalcatalog</marc:subfield>
      </marc:datafield>
      <marc:datafield tag="930" ind1=" " ind2=" ">
         <marc:subfield code="a">20140702</marc:subfield>
         <marc:subfield code="b">20140807</marc:subfield>
         <marc:subfield code="c">00000000</marc:subfield>
      </marc:datafield>
      <marc:datafield tag="945" ind1=" " ind2=" ">
         <marc:subfield code="d">ML</marc:subfield>
         <marc:subfield code="e">2003/09/11</marc:subfield>
         <marc:subfield code="f">RY</marc:subfield>
         <marc:subfield code="g">2003/09/17</marc:subfield>
         <marc:subfield code="n">1</marc:subfield>
      </marc:datafield>
      <marc:datafield tag="945" ind1=" " ind2=" ">
         <marc:subfield code="a">DigiMet</marc:subfield>
         <marc:subfield code="p">16</marc:subfield>
      </marc:datafield>
      <marc:datafield tag="946" ind1=" " ind2=" ">
         <marc:subfield code="a">USDA</marc:subfield>
      </marc:datafield>
      <marc:datafield tag="994" ind1=" " ind2=" ">
         <marc:subfield code="a">92</marc:subfield>
         <marc:subfield code="b">AGL</marc:subfield>
      </marc:datafield>
   </marc:record>
</marc:collection>
